<record><leader>00000cas a2200000 i 4500</leader><controlfield tag="001">11799827</controlfield><controlfield tag="008">850313d1878188uinudn ne      0    0eng c</controlfield><datafield ind1=" " ind2=" " tag="010"><subfield code="a">sn 85047718 </subfield></datafield><datafield ind1=" " ind2=" " tag="040"><subfield code="a">NPI</subfield><subfield code="b">eng</subfield><subfield code="e">rda</subfield><subfield code="c">NPI</subfield><subfield code="d">YOX</subfield><subfield code="d">NPI</subfield><subfield code="d">KRTAS</subfield><subfield code="d">OCLCQ</subfield><subfield code="d">IUL</subfield><subfield code="d">OCLCF</subfield></datafield><datafield ind1=" " ind2=" " tag="042"><subfield code="a">pcc</subfield></datafield><datafield ind1=" " ind2=" " tag="043"><subfield code="a">n-us-in</subfield></datafield><datafield ind1="0" ind2=" " tag="130"><subfield code="a">Daily herald (Franklin, Ind.)</subfield></datafield><datafield ind1="1" ind2="4" tag="245"><subfield code="a">The daily herald.</subfield></datafield><datafield ind1="1" ind2=" " tag="246"><subfield code="i">Published as:</subfield><subfield code="a">Franklin daily herald</subfield><subfield code="f">Feb. 6, 1880</subfield></datafield><datafield ind1=" " ind2="1" tag="264"><subfield code="a">Franklin, Ind. :</subfield><subfield code="b">J.B. Wilson</subfield></datafield><datafield ind1=" " ind2=" " tag="300"><subfield code="a">volumes :</subfield><subfield code="b">illustrations ;</subfield><subfield code="c">36-44 cm</subfield></datafield><datafield ind1=" " ind2=" " tag="310"><subfield code="a">Daily (except Sunday)</subfield></datafield><datafield ind1=" " ind2=" " tag="336"><subfield code="a">text</subfield><subfield code="b">txt</subfield><subfield code="2">rdacontent</subfield></datafield><datafield ind1=" " ind2=" " tag="337"><subfield code="a">unmediated</subfield><subfield code="b">n</subfield><subfield code="2">rdamedia</subfield></datafield><datafield ind1=" " ind2=" " tag="338"><subfield code="a">volume</subfield><subfield code="b">nc</subfield><subfield code="2">rdacarrier</subfield></datafield><datafield ind1="1" ind2=" " tag="362"><subfield code="a">Began in 1878.</subfield><subfield code="z">Cf. Miller, John W. Indiana newspaper bibliog.</subfield></datafield><datafield ind1=" " ind2=" " tag="500"><subfield code="a">"Neutral in politics--devoted to home interests."</subfield></datafield><datafield ind1=" " ind2=" " tag="500"><subfield code="a">Publisher: F.C. Williams, &lt;Feb. 6, 1880-June 4, 1884&gt;.</subfield></datafield><datafield ind1=" " ind2=" " tag="515"><subfield code="a">Experienced some brief periods of suspension, &lt;1878-1879&gt;. Cf. Miller.</subfield></datafield><datafield ind1=" " ind2=" " tag="588"><subfield code="a">Description based on: Vol. I, no. 21 (December 11, 1878); title from masthead, U.S. Newspaper Archive (viewed May 10, 2017).</subfield></datafield><datafield ind1=" " ind2=" " tag="588"><subfield code="a">Latest issue consulted: Vol. 5, no. 36 (June 4, 1884); U.S. Newspaper Archive (viewed May 10, 2017)</subfield></datafield><datafield ind1=" " ind2="0" tag="651"><subfield code="a">Franklin (Johnson County, Ind.)</subfield><subfield code="v">Newspapers.</subfield></datafield><datafield ind1=" " ind2="0" tag="651"><subfield code="a">Johnson County (Ind.)</subfield><subfield code="v">Newspapers.</subfield></datafield><datafield ind1=" " ind2="7" tag="655"><subfield code="a">Newspapers.</subfield><subfield code="2">fast</subfield><subfield code="0">(OCoLC)fst01423814</subfield></datafield><datafield ind1=" " ind2="7" tag="651"><subfield code="a">Indiana</subfield><subfield code="z">Franklin (Johnson County)</subfield><subfield code="2">fast</subfield><subfield code="0">(OCoLC)fst01312873</subfield></datafield><datafield ind1=" " ind2="7" tag="651"><subfield code="a">Indiana</subfield><subfield code="z">Johnson County.</subfield><subfield code="2">fast</subfield><subfield code="0">(OCoLC)fst01205939</subfield></datafield><datafield ind1=" " ind2=" " tag="752"><subfield code="a">United States</subfield><subfield code="b">Indiana</subfield><subfield code="c">Johnson</subfield><subfield code="d">Franklin.</subfield></datafield><datafield ind1="0" ind2="0" tag="785"><subfield code="t">Franklin daily herald</subfield><subfield code="w">(DLC)sn 97068701</subfield><subfield code="w">(OCoLC)36923932</subfield></datafield><datafield ind1="4" ind2="1" tag="856"><subfield code="u">https://access.newspaperarchive.com/us/indiana/franklin/franklin-daily-herald/</subfield></datafield><datafield ind1=" " ind2=" " tag="938"><subfield code="a">Kirtas Technologies, Inc.</subfield><subfield code="b">KRTS</subfield><subfield code="n">739066</subfield></datafield></record>